@article{Statista2018,
	journal = {Statista},
	title = {{Global mobile OS market share in sales to end users from 1st quarter 2009 to 2nd quarter 2017}},
	year = {2018},
	url = {https://www.statista.com/statistics/266136/global-market-share-held-by-smartphone-operating-systems/}
}

@MISC {JetBrains12,
	author = {{Dmitry Jemerov}},
	title = {Kotlin 1.2 Released: Sharing Code between Platforms},
	year = {2017},
	url = {https://blog.jetbrains.com/kotlin/2017/11/kotlin-1-2-released/}
}

@MISC {Avantica2017,
	author = {Avantica},
	title = {What is Kotlin and how did we get here},
	year = {2017},
	url = {https://www.avantica.net/blog/what-is-kotlin-and-how-did-we-get-here}
}

@MISC {JetBrainsWeb,
	author = {JetBrains},
	title = {Kotlin - Creating Web Applications with Http Servlets},
	year = {2018},
	url = {https://kotlinlang.org/docs/tutorials/httpservlets.html}
}

@MISC {JetBrainsServer,
	author = {JetBrains},
	title = {Using Kotlin for Server-side Development},
	year = {2018},
	url = {https://kotlinlang.org/docs/reference/server-overview.html}
}

@MISC {Medium2017,
	author = {{Ali Muzaffar}},
	title = {Building a full-stack web-app in Kotlin},
	year = {2017},
	url = {https://medium.com/bcgdv-engineering/building-a-full-stack-web-app-in-kotlin-af8e8fe1f5dc}
}

@MISC {JetBrainsFAQ,
	author = {JetBrains},
	title = {Kotlin FAQ},
	year = {2017},
	url = {https://kotlinlang.org/docs/reference/faq.html}
}

@MISC {JetBrainsVM,
	author = {{Andrey Breslav}},
	title = {Kotlin/Native Tech Preview: Kotlin without a VM},
	year = {2017},
	url = {https://blog.jetbrains.com/kotlin/2017/04/kotlinnative-tech-preview-kotlin-without-a-vm/}
}

@MISC {AppBrain,
	author = {AppBrain},
	title = {Details of Kotlin},
	year = {2018},
	url = {https://www.appbrain.com/stats/libraries/details/kotlin/kotlin}
}

@article {JetBrainsNeedKotlin,
	journal = {JetBrains},
	title = {Why JetBrains needs Kotlin},
	year = {2011},
	url = {https://blog.jetbrains.com/kotlin/2011/08/why-jetbrains-needs-kotlin/}
}

@MISC {JetBrainsOverView,
	author = {JetBrains},
	title = {JetBrains Corporate Overview },
	year = {2018},
	url = {https://resources.jetbrains.com/storage/products/jetbrains/docs/jetbrains_corporate_overview.pdf}
}

@article {TechYourChance,
	journal = {TechYourChance},
	title = {Why JetBrains Invented and Promotes Kotlin},
	year = {2017},
	url = {https://www.techyourchance.com/jetbrains-invented-promotes-kotlin/}
}

@MISC {ResearchGate,
	author = {ResearchGate},
	title = {Syntaxboom},
	year = {2009},
	url =  {https://www.researchgate.net/figure/Abstract-syntax-tree-of-the-while-loop_fig1_228792639}
}

@MISC {LLVM,
	author = {LLVM developer group},
	title = {LLVM},
	year = {2018},
	url = {https://llvm.org/}
}

@MISC {Informit,
	author = {David Chisnall},
	title = {How the LLVM Compiler Infrastructure Works},
	year = {2008},
	url = {http://www.informit.com/articles/article.aspx?p=1215438}
}

@article {aosa,
	journal = {Aosabook},
	author = {Chris Lattner},
	title = {The architecture of Open Source Applications},
	url = {http://www.aosabook.org/en/llvm.html},
	year = {2018}
}

@MISC {NativeVsCross,
	author = {Andrew Klubnikin},
	title = {Cross-platform vs. Native Mobile App Development: Choosing the Right Dev Tools for Your App Project},
	url = {https://medium.com/all-technology-feeds/cross-platform-vs-native-mobile-app-development-choosing-the-right-dev-tools-for-your-app-project-47d0abafee81},
	year = {2017}
}

@MISC {Developine,
	author = {Developine},
	title = {Kotlin Native iOS Development using Multiplatform Project},
	year = {2017},
	url = {http://developine.com/kotlin-native-ios-development-multiplatform-project/}
}

@MISC {AlbertGao,
	author = {Albert Gao},
	title = {Use Kotlin to share native code among iOS, Android},
	year = {2018},
	url = {https://github.com/Albert-Gao/kotlin-multuplatform-including-mobile}
}

@MISC {CrossExplain,
	author = {Techopedia},
	title = {What does Cross Platform mean},
	year = {2017},
	url = {https://www.techopedia.com/definition/17056/cross-platform}
}

@MISC {GoogleSupportKotlin,
	author = {JetBrains},
	title = {Kotlin on Android},
	year = {2017},
	url = {https://blog.jetbrains.com/kotlin/2017/05/kotlin-on-android-now-official/}
}

@MISC {GoogleGradle,
	author = {Paul Krill},
	title = {
	Google positions Gradle as the build system of choice for Android},
	year = {2013},
	url = {https://www.infoworld.com/article/2614665/development-tools/google-positions-gradle-as-the-build-system-of-choice-for-android.html}
}

@MISC {GaoIOS,
	author = {Albert Gao},
	title = {How to create Kotlin Native iOS project},
	year = {2018},
	url = {https://www.infoworld.com/article/2614665/development-tools/google-positions-gradle-as-the-build-system-of-choice-for-android.html}
}

@MISC {TechopediaBytecode,
	author = {Techopedia},
	title = {What does Bytecode mean?},
	year = {2018},
	url = {https://www.techopedia.com/definition/3760/bytecode}
}

@MISC {TechopediaJVM,
	author = {Techopedia},
	title = {What does Java Virtual Machine (JVM) mean?},
	year = {2018},
	url = {https://www.techopedia.com/definition/3376/java-virtual-machine-jvm}
}

@article {NativeDevelopmentCost,
	journal = {Comentum},
	author = {Bernard Kohan},
	title = {Mobile App Development Cost and Process},
	url = {http://www.comentum.com/mobile-app-development-cost.html},
	year = {2015}
}

@MISC {Framework,
	author = {TechTarget},
	title = {What is a framework?},
	year = {2015},
	url = {https://whatis.techtarget.com/definition/framework}
}

@MISC {MeaningNativeApp,
	author = {TechTarget},
	title = {What is a native app?},
	year = {2018},
	url = {https://searchsoftwarequality.techtarget.com/definition/native-application-native-app}
}

@MISC {MeaningHybridApp,
	author = {TechTarget},
	title = {What is a hyrbid app?},
	year = {2011},
	url = {https://searchsoftwarequality.techtarget.com/definition/hybrid-application-hybrid-app}
}

@MISC {NativeVsCross2,
	author = {Newgenapps},
	title = {Native vs Hybrid vs Cross-Platform Approach to Mobile App Development},
	year = {2018},
	url = {https://www.newgenapps.com/blog/native-vs-hybrid-vs-cross-platform-approach-to-mobile-app-development}
}

@MISC {NativeVsCross3,
	author = {InOutput},
	title = {Choosing the right mobile app for your project: Native vs cross-platform vs hybrid},
	year = {2017},
	url = {http://inoutput.io/articles/development/choosing-the-right-mobile-app-for-your-project-native-vs-cross-platform-vs-hybrid}
}
