% This file was created with JabRef 2.9.2.
% Encoding: Cp1252

@misc{ZeroAround,
	title = {Is Java 8 the fastest JVM ever?},
	howpublished = {\url{https://zeroturnaround.com/rebellabs/is-java-8-the-fastest-jvm-ever-performance-benchmarking-of-fork-join/}},
	note = {2014-03-25},
	author = {Oleg, Shelajev},
	year = 2014
}

@misc{Oracle,
	title = {JDK 8: Lambda Performance study},
	howpublished = {\url{http://www.oracle.com/technetwork/java/jvmls2013kuksen-2014088.pdf}},
	author = {Sergey, Kuksenko},
	year = 2014
}