{\tiny }% This file was created with JabRef 2.9.2.
% Encoding: Cp1252

@misc{Kotlin,
	title = {Kotlin official website FAQ},
	howpublished = {\url{https://kotlinlang.org/docs/reference/faq.html}},
	author = {JetBrains},
	year = 2017
}

@misc{Pros,
	title = {Switch to Kotlin},
	howpublished = {\url{https://medium.com/@magnus.chatt/why-you-should-totally-switch-to-kotlin-c7bbde9e10d5}},
	author = {Magnus, Vinther},
	year = 2017
}

@misc{Cons,
	title = {Why you shouldn't switch to Kotlin},
	howpublished = {\url{https://medium.com/keepsafe-engineering/kotlin-the-good-the-bad-and-the-ugly-bf5f09b87e6f}},
	author = {AJ, Alt},
	year = 2016
}

@misc{SSDK,
	title = {Kotlin for server-side development},
	howpublished = {\url{https://kotlinlang.org/docs/reference/server-overview.html}},
	author = {JetBrains},
	year = 2017
}

@misc{dzone,
	title = {Kotlin and cross-platform},
	howpublished = {\url{https://dzone.com/articles/kotlin-for-cross-platform-mobile-app-development}},
	author = {DZone},
	year = 2015
}

@misc{KotlinNative,
	title = {Kotlin official website, Kotlin Native},
	howpublished = {\url{https://kotlinlang.org/docs/reference/native-overview.html}},
	author = {JetBrains},
	year = 2017
}